<record><leader>00000cas a2200000 a 4500</leader><controlfield tag="001">13772851</controlfield><controlfield tag="008">860624d19051930nyuwr ne      0    0eng c</controlfield><datafield ind1=" " ind2=" " tag="010"><subfield code="a">sn 88075847 </subfield></datafield><datafield ind1=" " ind2=" " tag="040"><subfield code="a">YSC</subfield><subfield code="b">eng</subfield><subfield code="c">YSC</subfield><subfield code="d">NYG</subfield><subfield code="d">NYS</subfield><subfield code="d">OCLCQ</subfield><subfield code="d">OCLCF</subfield><subfield code="d">OCLCO</subfield></datafield><datafield ind1=" " ind2=" " tag="042"><subfield code="a">pcc</subfield></datafield><datafield ind1=" " ind2=" " tag="043"><subfield code="a">n-us-ny</subfield></datafield><datafield ind1="0" ind2="0" tag="245"><subfield code="a">Deposit courier-journal.</subfield></datafield><datafield ind1=" " ind2=" " tag="260"><subfield code="a">Deposit, N.Y. :</subfield><subfield code="b">Courier-Journal Co.</subfield></datafield><datafield ind1=" " ind2=" " tag="300"><subfield code="a">v. ;</subfield><subfield code="c">56 cm.</subfield></datafield><datafield ind1=" " ind2=" " tag="310"><subfield code="a">Weekly</subfield></datafield><datafield ind1="1" ind2=" " tag="362"><subfield code="a">Began in 1905; ceased in 1930.</subfield><subfield code="z">Fabisoff, Bibl. of newspapers in 14 N.Y. counties, and N.W. Ayer directory of newspapers and periodicals.</subfield></datafield><datafield ind1=" " ind2=" " tag="500"><subfield code="a">Editors: J.D. Kellogg, J.R. MacDonald, &lt;1906&gt;.</subfield></datafield><datafield ind1=" " ind2=" " tag="588"><subfield code="a">Description based on: Vol. 58, no. 26 (Jan. 3, 1906).</subfield></datafield><datafield ind1=" " ind2="0" tag="651"><subfield code="a">Deposit (N.Y.)</subfield><subfield code="v">Newspapers.</subfield></datafield><datafield ind1=" " ind2="0" tag="651"><subfield code="a">Delaware County (N.Y.)</subfield><subfield code="v">Newspapers.</subfield></datafield><datafield ind1=" " ind2="0" tag="651"><subfield code="a">Broome County (N.Y.)</subfield><subfield code="v">Newspapers.</subfield></datafield><datafield ind1=" " ind2="7" tag="655"><subfield code="a">Newspapers.</subfield><subfield code="2">fast</subfield><subfield code="0">(OCoLC)fst01423814</subfield></datafield><datafield ind1=" " ind2="7" tag="651"><subfield code="a">New York (State)</subfield><subfield code="z">Broome County.</subfield><subfield code="2">fast</subfield><subfield code="0">(OCoLC)fst01233031</subfield></datafield><datafield ind1=" " ind2="7" tag="651"><subfield code="a">New York (State)</subfield><subfield code="z">Delaware County.</subfield><subfield code="2">fast</subfield><subfield code="0">(OCoLC)fst01210438</subfield></datafield><datafield ind1=" " ind2="7" tag="651"><subfield code="a">New York (State)</subfield><subfield code="z">Deposit.</subfield><subfield code="2">fast</subfield><subfield code="0">(OCoLC)fst01219272</subfield></datafield><datafield ind1=" " ind2=" " tag="752"><subfield code="a">United States</subfield><subfield code="b">New York</subfield><subfield code="c">Delaware</subfield><subfield code="d">Deposit.</subfield></datafield><datafield ind1=" " ind2=" " tag="752"><subfield code="a">United States</subfield><subfield code="b">New York</subfield><subfield code="c">Broome</subfield><subfield code="d">Deposit.</subfield></datafield><datafield ind1="0" ind2="4" tag="780"><subfield code="t">Deposit courier (Deposit, N.Y. : 1867)</subfield><subfield code="w">(DLC)sn 83030855</subfield><subfield code="w">(OCoLC)9689733</subfield></datafield><datafield ind1="0" ind2="4" tag="780"><subfield code="t">Deposit journal (Deposit, N.Y. : 1891)</subfield><subfield code="w">(DLC)sn 91066800</subfield><subfield code="w">(OCoLC)24704982</subfield></datafield><datafield ind1="0" ind2="0" tag="785"><subfield code="t">Deposit courier (Deposit, N.Y. : 1930)</subfield><subfield code="w">(DLC)sn 88075846</subfield><subfield code="w">(OCoLC)13772914</subfield></datafield></record>